\def\newblock{\hskip .11em plus .33em minus .07em}

@article{birnbaum1969new,
  title={A new family of life distributions},
  author={Birnbaum, ZW and Saunders, Sam C},
  journal={Journal of Applied Probability},
  volume={6},
  number={2},
  pages={319--327},
  year={1969},
  publisher={JSTOR}
}
