\def\newblock{\hskip .11em plus .33em minus .07em}

@article{birnbaum1969new,
  title={A new family of life distributions},
  author={Birnbaum, ZW and Saunders, Sam C},
  journal={Journal of Applied Probability},
  volume={6},
  number={2},
  pages={319--327},
  year={1969},
  publisher={JSTOR}
}



@article{breiman1996heuristics,
  title={Heuristics of instability and stabilization in model selection},
  author={Breiman, Leo},
  journal={The Annals of Statistics},
  volume={24},
  number={6},
  pages={2350--2383},
  year={1996},
  publisher={Institute of Mathematical Statistics}
}
@article{chauveau1995stochastic,
  title={{A stochastic EM algorithm for mixtures with censored data}},
  author={Chauveau, Didier},
  journal={Journal of Statistical Planning and Inference},
  volume={46},
  number={1},
  pages={1--25},
  year={1995},
  publisher={Elsevier}
}

@techreport{celeux:inria-00074164,
    hal_id = {inria-00074164},
    title = {{On stochastic versions of the EM algorithm}},
    author = {Celeux, Gilles and Chauveau, Didier and Diebolt, Jean},
    affiliation = {SYSTOL - INRIA Rh{\^o}ne-Alpes},
    type = {Rapport de recherche},
    institution = {INRIA},
    number = {RR-2514},
    year = {1995},
}
@article{dempster1977maximum,
  title={{Maximum likelihood from incomplete data via the EM algorithm}},
  author={Dempster, Arthur P and Laird, Nan M and Rubin, Donald B},
  journal={Journal of the Royal Statistical Society. Series B (Methodological)},
  volume={39},
  number={1},
  pages={1--38},
  year={1977},
  publisher={JSTOR}
}

@article{desmond1982,
  title={\emph{Local Maxima of Stationary Stochastic Processes and Stochastic Modelling of Fatigue}},
  author={Desmond, Anthony F.},
  journal={\textup {Unpublished Ph.D. Thesis}},
  year={1982},
  publisher={University of Waterloo}
}
@article{desmond2008estimation,
  title={{Estimation of parameters for a Birnbaum--Saunders regression model with censored data}},
  author={Desmond, Anthony F and Rodr{\'\i}guez-Yam, Gabriel A and Lu, Xuewen},
  journal={Journal of Statistical Computation and Simulation},
  volume={78},
  number={11},
  pages={983--997},
  year={2008},
  publisher={Taylor \& Francis}
}

@article{hardle1998testing,
  title={Testing parametric versus semiparametric modeling in generalized linear models},
  author={H{\"a}rdle, W. and Mammen, E. and M{\"u}ller, M.},
  journal={Journal of the American Statistical Association},
  volume={93},
  number={444},
  pages={1461--1474},
  year={1998},
  publisher={Taylor \& Francis Group}
}
@techreport{Diebolt01,
  title={{A stochastic EM algorithm for approximating the maximum likelihood estimate}},
  author={Diebolt, J and Ip, E and Olkin, Ingram},
  year={1994},
  number={301},
  institution={Department of Statistics, Stanford University, California}
}


@article{
Diebolt02,
   Author = {Diebolt, J and Robert, C.P.},
   Title = {{Estimation of finite mixture distributions through Bayesian sampling}},
   Journal = {Journal of the Royal Statistical Society. Series B (Methodological)},
      Volume = {56},
      Number = {2},
      Pages = {363-375},
      Year = {1994} }

@article{
donoho01,
   Author = {DAVID L. Donoho and JAIN M. Johnstone},
   Title = {Ideal spatial adaptation by wavelet shrinkage},
   Journal = {Biometrika},
   Volume = {81},
   Number = {3},
   Pages = {452-455},
      Year = {1994} }

      @article{desmond2008estimation,
  title={{Estimation of parameters for a Birnbaum--Saunders regression model with censored data}},
  author={Desmond, Anthony F and Rodr{\'\i}guez-Yam, Gabriel A and Lu, Xuewen},
  journal={Journal of Statistical Computation and Simulation},
  volume={78},
  number={11},
  pages={983--997},
  year={2008},
  publisher={Taylor \& Francis}
}





@article{doi:10.1198/jasa.2009.tm08622,
author = {Ishwaran, Hemant and Kogalur, Udaya B. and Gorodeski, Eiran Z. and Minn, Andy J. and Lauer, Michael S.},
title = {High-Dimensional Variable Selection for Survival Data},
journal = {Journal of the American Statistical Association},
volume = {105},
number = {489},
pages = {205-217},
year = {2010},
doi = {10.1198/jasa.2009.tm08622},

URL = {
        http://dx.doi.org/10.1198/jasa.2009.tm08622

},
eprint = {
        http://dx.doi.org/10.1198/jasa.2009.tm08622

}

}


@article{efron2004least,
  title={Least angle regression},
  author={Efron, Bradley and Hastie, Trevor and Johnstone, Iain and Tibshirani, Robert},
  journal={The Annals of Statistics},
  volume={32},
  number={2},
  pages={407--499},
  year={2004},
  publisher={Institute of Mathematical Statistics}
}

@article{engelhardt1981inferences,
  title={{Inferences on the parameters of the Birnbaum-Saunders fatigue life distribution based on maximum likelihood estimation}},
  author={Engelhardt, Max and Bain, Lee J and Wright, FT},
  journal={Technometrics},
  volume={23},
  number={3},
  pages={251--256},
  year={1981},
  publisher={Taylor \& Francis}
}

@article{fan2005overview,
  title={An overview on Variable Selection for Survival Analysis},
  author={Fan, Jianqing and Li, Gang and Li, Runze},
  journal={Contemporary Multivariate Analysis and Design of Experiments},
  pages={315},
  year={2005},
  publisher={World Scientific}
}

@article{
fan01,
   Author = {Fan, J. Q. and Li, R. Z.},
   Title = {Variable selection via nonconcave penalized likelihood and its oracle properties},
   Journal = {Journal of the American Statistical Association},
   Volume = {96},
   Number = {456},
   Pages = {1348-1360},
      Year = {2001} }
@techreport{gorst2011coordinate,
  title={Coordinate descent methods for the penalized semiparametric additive hazards model},
  author={Gorst-Rasmussen, Anders and Scheike, Thomas},
  year={2011},
  institution={Department of Mathematical Sciences, Aalborg University}
}

@article{hoerl1970ridge,
  title={Ridge regression: Biased estimation for nonorthogonal problems},
  author={Hoerl, Arthur E and Kennard, Robert W},
  journal={Technometrics},
  volume={12},
  number={1},
  pages={55--67},
  year={1970},
  publisher={Taylor \& Francis Group}
}
@book{janssens1998composition,
  title={Composition of 15--17th Century Archaeological Glass Vessels Excavated in Antwerp},
  author={Janssens, Koen H and Deraedt, Ine and Schalm, Olivier and Veeckman, Johan},
  year={1998},
  publisher={Belgium: Springer}
}

@article{Janssens,
  Author = {Janssens,K.,Deraedt,I.,Freddy,A. and Veekman,J.},
   Title = {Variable selection via nonconcave penalized likelihood and its oracle properties},
   Journal = {Journal of the American Statistical Association},
   Volume = {15},
   Number = {Suppl.},
   Pages = {253-267},
      Year = {1998}
}
@book{lawless2011statistical,
  title={Statistical Models and Methods for Lifetime Data},
  author={Lawless, Jerald F},
  year={2011},
  publisher={New York: John Wiley \& Sons}
}

@article{lin2013high,
  title={High-dimensional sparse additive hazards regression},
  author={Lin, Wei and Lv, Jinchi},
  journal={Journal of the American Statistical Association},
  volume={108},
  number={501},
  pages={247--264},
  year={2013},
  publisher={Taylor \& Francis Group}
}
@article{
Grunewald01,
   Author = { Maria Grunewald, Keith Humphreys},
   Title = {A Stochastic EM type Algorithm for Estimation in Data with Ascertainment on Continuous Outcomes},
   Journal = {ISSN},
   Pages = {1650-0377},
   Year={2008} }

%@article{glmnet,
%    title = {Regularization Paths for Cox's Proportional Hazards Model
%      via Coordinate Descent},
%    author = {Noah Simon and Jerome Friedman and Trevor Hastie and Rob
%      Tibshirani},
%    journal = {Journal of Statistical Software},
%    year = {2011},
%    volume = {39},
%    number = {5},
%    pages = {1--13},
%    url = {http://www.jstatsoft.org/v39/i05/},
%  }

@article{
Hu201361,
Author = {Yuao Hu and Heng Lian},
Title = {Variable selection in a partially linear proportional hazards model with a diverging dimensionality},
Journal = {Statistics and Probability Letters},
  Volume = {83},
   Number = {1},
   Pages = {61-69},
      Year = {2013} }

@article{huang2006regularized,
  title={Regularized Estimation in the Accelerated Failure Time Model with High-Dimensional Covariates},
  author={Huang, Jian and Ma, Shuangge and Xie, Huiliang},
  journal={Biometrics},
  volume={62},
  number={3},
  pages={813--820},
  year={2006},
  publisher={Wiley Online Library}
}
@article{
lin07,
   Author = {Lin, W. and Lv, J. },
   Title = {High-dimensional sparse additive hazards regression},
   Journal = {Journal of the American Statistical Association },
   Volume = {108},
   Number = {1},
   Pages = {247-264},
  % Abstract = {We propose a new method for model selection and model fitting in multivariate nonparametric regression models, in the framework of smoothing spline ANOVA. The "COSSO" is a method of regularization with the penalty functional being the sum of component norms, instead of the squared norm employed in the traditional smoothing spline method. The COSSO provides a unified framework for several recent proposals for model selection in linear models and smoothing spline ANOVA models. Theoretical properties, such as the existence and the rate of convergence of the COSSO estimator, are studied. In the special case of a tensor product design with periodic functions, a detailed analysis reveals that the COSSO does model selection by applying a novel soft thresholding type operation to the function components. We give an equivalent formulation of the COSSO estimator which leads naturally to an iterative algorithm. We compare the COSSO with MARS, a popular method that builds functional ANOVA models, in simulations and real examples. The COSSO method can be extended to classification problems and we compare its performance with those of a number of machine learning algorithms on real datasets. The COSSO gives very competitive performance in these studies.},
      Year = {2013} }

      @article{lv2009unified,
  title={A unified approach to model selection and sparse recovery using regularized least squares},
  author={Lv, Jinchi and Fan, Yingying},
  journal={The Annals of Statistics},
  Volume = {37},
   Number = {6A},
  pages={3498--3528},
  year={2009},
  publisher={JSTOR}
}
@article{martinussen2009covariate,
  title={Covariate selection for the semiparametric additive risk model},
  author={Martinussen, Torben and Scheike, Thomas H},
  journal={Scandinavian Journal of Statistics},
  volume={36},
  number={4},
  pages={602--619},
  year={2009},
  publisher={Wiley Online Library}
}
@article{maronna2011robust,
  title={Robust ridge regression for high-dimensional data},
  author={Maronna, Ricardo A},
  journal={Technometrics},
  volume={53},
  number={1},
  pages={44--53},
  year={2011},
  publisher={Taylor \& Francis}
}


@article{rosenwald2002use,
  title={The use of molecular profiling to predict survival after chemotherapy for diffuse large-B-cell lymphoma},
  author={Rosenwald, Andreas and Wright, George and Chan, Wing C and Connors, Joseph M and Campo, Elias and Fisher, Richard I and Gascoyne, Randy D and Muller-Hermelink, H Konrad and Smeland, Erlend B and Giltnane, Jena M and others},
  journal={New England Journal of Medicine},
  volume={346},
  number={25},
  pages={1937--1947},
  year={2002},
  publisher={Mass Medical Soc}
}

@article{
Rieck01,
   Author = {James R. Rieck and Jerry R. Nedelman},
   Title = {{A Log-Linear model for the Birnbaum-Saunders distribution}},
   Journal = {Technometrics},
   Volume = {33},
   Number = {1},
   Pages = {51-60},
      Year = {1991} }

@article{
Simon01,
   Author = {Noah Simon and Jerome H. Friedman and Trevor Hastie and Rob Tibshirani},
   Title = {{Regularization Paths for Cox's Proportional Hazards Model via Coordinate Descent}},
   Journal = {Journal of Statistical Software},
   Volume = {39},
   Number = {5},
   Pages = {1-13},
      Year = {2011} }
@article{sorlie2003repeated,
  title={Repeated observation of breast tumor subtypes in independent gene expression data sets},
  author={S{\o}rlie, Therese and Tibshirani, Robert and Parker, Joel and Hastie, Trevor and Marron, JS and Nobel, Andrew and Deng, Shibing and Johnsen, Hilde and Pesich, Robert and Geisler, Stephanie and others},
  journal={Proceedings of the National Academy of Sciences},
  volume={100},
  number={14},
  pages={8418--8423},
  year={2003},
  publisher={National Acad Sciences}
}
@article{ng2003modified,
  title={{Modified moment estimation for the two-parameter Birnbaum--Saunders distribution}},
  author={Ng, HKT and Kundu, Debasis and Balakrishnan, N},
  journal={Computational Statistics \& Data Analysis},
  volume={43},
  number={3},
  pages={283--298},
  year={2003},
  publisher={Elsevier}
}
@techreport{saunders1968estimation,
  title={Estimation for a Family of Life Distributions with Applications to Fatigue},
  author={Saunders, Sam C and Birnbaum, ZW},
  year={1968},
  institution={DTIC Document}
}

@article{rieck1989,
  title={\emph{Statistical Analysis for the Birnbaum-Saunders Fatigue Life Distribution}},
  author={Rieck, James R},
   year = {1989},
 journal={\textup {unpublished Ph.D. thesis, Clemson University, Dept. of Mathematical Statistics}}
}

@article{rieck1991log,
  title={{A Log-Linear model for the Birnbaum--Saunders distribution}},
  author={Rieck, James R and Nedelman, Jerry R},
  journal={Technometrics},
  volume={33},
  number={1},
  pages={51--60},
  year={1991},
  publisher={Taylor \& Francis Group}
}
@article{
tibshirani96,
   Author = {Tibshirani, R.},
   Title = {{Regression shrinkage and selection via the LASSO}},
   Journal = {Journal of the Royal Statistical Society. Series B (Methodological)},
   Volume = {58},
   Number = {1},
   Pages = {267-288},
      Year = {1996} }

@article{tregouet2004cox,
  title={{Cox proportional hazards survival regression in haplotype-based association analysis using the Stochastic-EM algorithm}},
  author={Tregouet, DA and Tiret, L},
  journal={European Journal of Human Genetics},
  volume={12},
  number={11},
  pages={971--974},
  year={2004},
  publisher={Nature Publishing Group}
}

@article{Wang20061033,
title = {{Modified censored moment estimation for the two-parameter Birnbaum-Saunders distribution}},
journal = "Computational Statistics \& Data Analysis ",
volume = "50",
number = "4",
pages = "1033 - 1051",
year = "2006",
note = "",
issn = "0167-9473",
author = "Zhihui Wang and A.F. Desmond and Xuewen Lu",
}

@article{wang2011penalized,
  title={Penalized generalized estimating equations for high-dimensional longitudinal data analysis},
  author={Wang, L. and Zhou, J. and Qu, A.},
  journal={Biometrics},
  volume={to appear},
  year={2011},
  publisher={Wiley Online Library}
}
@article{xiao2010estimation,
  title={{Estimation of the Birnbaum--Saunders regression model with current status data}},
  author={Xiao, Qingchu and Liu, Zaiming and Balakrishnan, N and Lu, Xuewen},
  journal={Computational Statistics \& Data Analysis},
  volume={54},
  number={2},
  pages={326--332},
  year={2010},
  publisher={Elsevier}
}
@article{Zou05,
  title={Regularization and variable selection via the elastic net},
  author={Zou, Hui and Hastie, Trevor},
  journal={Journal of the Royal Statistical Society. Series B (Methodological)},
  volume={67},
  number={2},
  pages={301--320},
  year={2005},
  publisher={Wiley Online Library}

  @article{zou2003regression,
  title={Regression shrinkage and selection via the elastic net, with applications to microarrays},
  author={Zou, Hui and Hastie, Trevor},
  journal={Journal of the Royal Statistical Society. Series B (Methodological)} ,
  volume={67},
  pages={301--320},
  year={2003},
}
