\def\newblock{\hskip .11em plus .33em minus .07em}
@inproceedings{alistarh2014dynamic,
  title={Dynamic task allocation in asynchronous shared memory},
  author={Alistarh, Dan and Aspnes, James and Bender, Michael A and Gelashvili, Rati and Gilbert, Seth},
  booktitle={Proceedings of the Twenty-Fifth Annual ACM-SIAM Symposium on Discrete Algorithms},
  pages={416--435},
  year={2014},
  organization={SIAM}
}

@article{Herlihy:1990:LCC:78969.78972,
 author = {Herlihy, Maurice P. and Wing, Jeannette M.},
 title = {Linearizability: A Correctness Condition for Concurrent Objects},
 journal = {ACM Trans. Program. Lang. Syst.},
 issue_date = {July 1990},
 volume = {12},
 number = {3},
 month = jul,
 year = {1990},
 issn = {0164-0925},
 pages = {463--492},
 numpages = {30},
 url = {http://doi.acm.org/10.1145/78969.78972},
 doi = {10.1145/78969.78972},
 acmid = {78972},
 publisher = {ACM},
 address = {New York, NY, USA},
}

@inproceedings{InProc-GHHW2007a,
  author = {Wojciech Golab and Vassos Hadzilacos and Danny Hendler and Philipp Woelfel},
  title = {Constant-RMR Implementations of CAS and Other Synchronization Primitives Using Read and Write Operations},
  booktitle = {Proceedings of the 26th Annual ACM Symposium on Principles of Distributed Computing (PODC)},
  pages = {3-12},
  year = {2007},
  doi = {10.1145/1281100.1281105},
  url = {http://dl.acm.org/authorize?908428},
}

@article{DBLP:journals/corr/cs-DS-0209014,
  author    = {James Aspnes},
  title     = {Randomized protocols for asynchronous consensus},
  journal   = {CoRR},
  volume    = {cs.DS/0209014},
  year      = {2002},
  url       = {http://arxiv.org/abs/cs.DS/0209014},
  timestamp = {Mon, 05 Dec 2011 18:05:30 +0100},
  biburl    = {http://dblp.uni-trier.de/rec/bib/journals/corr/cs-DS-0209014},
  bibsource = {dblp computer science bibliography, http://dblp.org}
}

@book{itanium,
  title={Intel Itanium Architecture Software Developerâ€™s Manual Volume 1: Application Architecture Revision 2.1},
  author={Itanium},
  year={October 2002},
  publisher={Intel Corporation}
}

@book{weaver1994sparc,
  title={The SPARC architecture manual},
  author={Weaver, David L and Gremond, Tom},
  year={1994},
  publisher={PTR Prentice Hall Englewood Cliffs, NJ 07632}
}

@book{georgiou2007all,
  title={Do-All Computing in Distributed Systems: Cooperation in the Presence of Adversity},
  author={Georgiou, Chryssis},
  year={2007},
  publisher={Springer Science \& Business Media}
}

@article{kanellakis1992efficient,
  title={Efficient parallel algorithms can be made robust},
  author={Kanellakis, Paris C and Shvartsman, Alex A},
  journal={Distributed Computing},
  volume={5},
  number={4},
  pages={201--217},
  year={1992},
  publisher={Springer}
}

@article{anderson1997algorithms,
  title={Algorithms for the certified write-all problem},
  author={Anderson, Richard J and Woll, Heather},
  journal={SIAM Journal on Computing},
  volume={26},
  number={5},
  pages={1277--1283},
  year={1997},
  publisher={SIAM}
}

@inproceedings{bender2011mutual,
  title={Mutual Exclusion with O (log\^{} 2 Log n) Amortized Work},
  author={Bender, Michael and Gilbert, Seth and others},
  booktitle={Foundations of Computer Science (FOCS), 2011 IEEE 52nd Annual Symposium on},
  pages={728--737},
  year={2011},
  organization={IEEE}
}

@inproceedings{aumann1992clock,
  title={Clock construction in fully asynchronous parallel systems and PRAM simulation},
  author={Aumann, Yonatan and Rabin, Michael O},
  booktitle={Foundations of Computer Science, 1992. Proceedings., 33rd Annual Symposium on},
  pages={147--156},
  year={1992},
  organization={IEEE}
}

@inproceedings{ajtai1994theory,
  title={A theory of competitive analysis for distributed algorithms},
  author={Ajtai, Miklos and Aspnes, James and Dwork, Cynthia and Waarts, Orli},
  booktitle={Foundations of Computer Science, 1994 Proceedings., 35th Annual Symposium on},
  pages={401--411},
  year={1994},
  organization={IEEE}
}

@book{lynch1996distributed,
  title={Distributed algorithms},
  author={Lynch, Nancy A},
  year={1996},
  publisher={Morgan Kaufmann}
}

@article{kanellakis1992efficient,
  title={Efficient parallel algorithms can be made robust},
  author={Kanellakis, Paris C and Shvartsman, Alex A},
  journal={Distributed Computing},
  volume={5},
  number={4},
  pages={201--217},
  year={1992},
  publisher={Springer}
}
